@Online{darcs,
  title =        {Darcs Free and Open Source Version Control System},
  year =         2005,
  url =          {http://darcs.net},
  author =       {Florent Becker and Guillaume Hoffmann and Eric Kow
                  and Ganesh Sittampalam and Owen Stephens and Michael
                  Hendricks and Simon Michael},
}

@Online{camp,
  author =       {Ian Lynagh},
  title =        {Camp (Commute And Merge Patches) Version Control
                  System},
  year =         2008,
  url =          {http://projects.haskell.org/camp}
}

@Book{progit,
  author =       {Chacon, Scott},
  title =        {Pro Git},
  year =         2009,
  isbn =         {1430218339, 9781430218333},
  edition =      {1st},
  publisher =    {Apress},
  address =      {Berkely, CA, USA},
}
